
@article{Frezzotti:2003ni,
  author        = {Frezzotti, R. and Rossi, G. C.},
  title         = {{Chirally improving Wilson fermions. 1. O(a)
                   improvement}},
  journal       = {JHEP},
  volume        = {08},
  year          = {2004},
  pages         = {007},
  doi           = {10.1088/1126-6708/2004/08/007},
  eprint        = {hep-lat/0306014},
  archiveprefix = {arXiv},
  primaryclass  = {hep-lat},
  reportnumber  = {BICOCCA-FT-03-15, ROM2F-2003-15},
  slaccitation  = {%%CITATION = HEP-LAT/0306014;%%}
}

@article{Frezzotti:2004wz,
  author        = {Frezzotti, R. and Rossi, G. C.},
  title         = {{Chirally improving Wilson fermions. II. Four-quark operators}},
  eprint        = {hep-lat/0407002},
  archiveprefix = {arXiv},
  reportnumber  = {BICOCCA-FT-04-7, ROM2F-2004-12, DESY-04-069},
  doi           = {10.1088/1126-6708/2004/10/070},
  journal       = {JHEP},
  volume        = {10},
  pages         = {070},
  year          = {2004}
}

@article{Sheikholeslami:1985ij,
  author       = {Sheikholeslami, B. and Wohlert, R.},
  title        = {{Improved Continuum Limit Lattice Action for QCD with Wilson Fermions}},
  reportnumber = {DESY-85-024},
  doi          = {10.1016/0550-3213(85)90002-1},
  journal      = {Nucl. Phys. B},
  volume       = {259},
  pages        = {572},
  year         = {1985}
}

@article{Clark:2006fx,
  author        = {Clark, M. A. and Kennedy, A. D.},
  title         = {{Accelerating dynamical fermion computations using the rational hybrid Monte Carlo (RHMC) algorithm with multiple pseudofermion fields}},
  eprint        = {hep-lat/0608015},
  archiveprefix = {arXiv},
  doi           = {10.1103/PhysRevLett.98.051601},
  journal       = {Phys. Rev. Lett.},
  volume        = {98},
  pages         = {051601},
  year          = {2007}
}

@article{Duane:1987de,
  author  = {Duane, S. and Kennedy, A. D. and Pendleton, B. J. and Roweth, D.},
  title   = {{Hybrid Monte Carlo}},
  doi     = {10.1016/0370-2693(87)91197-X},
  journal = {Phys. Lett. B},
  volume  = {195},
  pages   = {216--222},
  year    = {1987}
}

@article{Hasenbusch:2001ne,
  author        = {Hasenbusch, Martin},
  title         = {{Speeding up the hybrid Monte Carlo algorithm for dynamical fermions}},
  eprint        = {hep-lat/0107019},
  archiveprefix = {arXiv},
  reportnumber  = {DESY-01-103},
  doi           = {10.1016/S0370-2693(01)01102-9},
  journal       = {Phys. Lett. B},
  volume        = {519},
  pages         = {177--182},
  year          = {2001}
}

@article{Clark:2009wm,
  author        = {Clark, M. A. and Babich, R. and Barros, K. and Brower, R. C. and Rebbi, C.},
  collaboration = {QUDA},
  title         = {{Solving Lattice QCD systems of equations using mixed precision solvers on GPUs}},
  eprint        = {0911.3191},
  archiveprefix = {arXiv},
  primaryclass  = {hep-lat},
  doi           = {10.1016/j.cpc.2010.05.002},
  journal       = {Comput. Phys. Commun.},
  volume        = {181},
  pages         = {1517--1528},
  year          = {2010}
}

@inproceedings{Babich:2011np,
  author        = {Babich, R. and Clark, M. A. and Joo, B. and Shi, G. and Brower, R. C. and Gottlieb, S.},
  collaboration = {QUDA},
  title         = {{Scaling lattice QCD beyond 100 GPUs}},
  booktitle     = {{International Conference for High Performance Computing, Networking, Storage and Analysis}},
  eprint        = {1109.2935},
  archiveprefix = {arXiv},
  primaryclass  = {hep-lat},
  doi           = {10.1145/2063384.2063478},
  month         = {9},
  year          = {2011}
}

@article{Kostrzewa:2022hsv,
  author        = {Kostrzewa, B. and Bacchio, S. and Finkenrath, J. and Garofalo, M. and Pittler, F. and Romiti, S. and Urbach, C.},
  collaboration = {ETM},
  title         = {{Twisted mass ensemble generation on GPU machines}},
  eprint        = {2212.06635},
  archiveprefix = {arXiv},
  primaryclass  = {hep-lat},
  doi           = {10.22323/1.430.0340},
  journal       = {PoS},
  volume        = {LATTICE2022},
  pages         = {340},
  year          = {2023}
}
