@article{Luscher:2010iy,
    author = {L\"uscher, Martin},
    title = "{Properties and uses of the Wilson flow in lattice QCD}",
    eprint = "1006.4518",
    archivePrefix = "arXiv",
    primaryClass = "hep-lat",
    reportNumber = "CERN-PH-TH-2010-143",
    doi = "10.1007/JHEP08(2010)071",
    journal = "JHEP",
    volume = "08",
    pages = "071",
    year = "2010",
    note = "[Erratum: JHEP 03, 092 (2014)]"
}

@article{Borsanyi:2012zs,
    author = "Borsanyi, Szabolcs and others",
    title = "{High-precision scale setting in lattice QCD}",
    eprint = "1203.4469",
    archivePrefix = "arXiv",
    primaryClass = "hep-lat",
    reportNumber = "ITP-BUDAPEST-657, CPT-P004-2012, WUB-12-02",
    doi = "10.1007/JHEP09(2012)010",
    journal = "JHEP",
    volume = "09",
    pages = "010",
    year = "2012"
}

@article{Deuzeman:2012jw,
    author = "Deuzeman, Albert and Wenger, Urs",
    editor = "Leinweber, Derek and Kamleh, Waseem and Mahbub, Selim and Matevosyan, Hrayr and Thomas, Anthony and Williams, Anthony G. and Young, Ross and Zanotti, James",
    title = "{Gradient flow and scale setting for twisted mass fermions}",
    doi = "10.22323/1.164.0162",
    journal = "PoS",
    volume = "LATTICE2012",
    pages = "162",
    year = "2012"
}

@article{Bruno:2013gha,
    author = "Bruno, Mattia and Sommer, Rainer",
    collaboration = "ALPHA",
    title = "{On the $N_f$-dependence of gluonic observables}",
    eprint = "1311.5585",
    archivePrefix = "arXiv",
    primaryClass = "hep-lat",
    reportNumber = "DESY-13-216",
    doi = "10.22323/1.187.0321",
    journal = "PoS",
    volume = "LATTICE2013",
    pages = "321",
    year = "2014"
}

@article{Dowdall:2013rya,
    author = "Dowdall, R. J. and Davies, C. T. H. and Lepage, G. P. and McNeile, C.",
    title = "{Vus from pi and K decay constants in full lattice QCD with physical u, d, s and c quarks}",
    eprint = "1303.1670",
    archivePrefix = "arXiv",
    primaryClass = "hep-lat",
    doi = "10.1103/PhysRevD.88.074504",
    journal = "Phys. Rev. D",
    volume = "88",
    pages = "074504",
    year = "2013"
}

@article{Bornyakov:2015eaa,
    author = "Bornyakov, V. G. and others",
    title = "{Wilson flow and scale setting from lattice QCD}",
    eprint = "1508.05916",
    archivePrefix = "arXiv",
    primaryClass = "hep-lat",
    reportNumber = "ADP-15-25-T927, DESY-15-154, EDINBURGH-2015-19, LIVERPOOL-LTH-1054",
    month = "8",
    year = "2015"
}

@article{HotQCD:2014kol,
    author = "Bazavov, A. and others",
    collaboration = "HotQCD",
    title = "{Equation of state in ( 2+1 )-flavor QCD}",
    eprint = "1407.6387",
    archivePrefix = "arXiv",
    primaryClass = "hep-lat",
    reportNumber = "BNL-105928-2014-JA",
    doi = "10.1103/PhysRevD.90.094503",
    journal = "Phys. Rev. D",
    volume = "90",
    pages = "094503",
    year = "2014"
}

@article{RBC:2014ntl,
    author = "Blum, T. and others",
    collaboration = "RBC, UKQCD",
    title = "{Domain wall QCD with physical quark masses}",
    eprint = "1411.7017",
    archivePrefix = "arXiv",
    primaryClass = "hep-lat",
    reportNumber = "KEK-TH-1769, RBRC-1095, DAMTP-2014-86",
    doi = "10.1103/PhysRevD.93.074505",
    journal = "Phys. Rev. D",
    volume = "93",
    number = "7",
    pages = "074505",
    year = "2016"
}

@article{MILC:2015tqx,
    author = "Bazavov, A. and others",
    collaboration = "MILC",
    title = "{Gradient flow and scale setting on MILC HISQ ensembles}",
    eprint = "1503.02769",
    archivePrefix = "arXiv",
    primaryClass = "hep-lat",
    reportNumber = "FERMILAB-PUB-15-284-T",
    doi = "10.1103/PhysRevD.93.094510",
    journal = "Phys. Rev. D",
    volume = "93",
    number = "9",
    pages = "094510",
    year = "2016"
}

@article{Bruno:2016plf,
    author = "Bruno, Mattia and Korzec, Tomasz and Schaefer, Stefan",
    title = "{Setting the scale for the CLS $2 + 1$ flavor ensembles}",
    eprint = "1608.08900",
    archivePrefix = "arXiv",
    primaryClass = "hep-lat",
    reportNumber = "DESY-16-162, WUB-16-05",
    doi = "10.1103/PhysRevD.95.074504",
    journal = "Phys. Rev. D",
    volume = "95",
    number = "7",
    pages = "074504",
    year = "2017"
}

@article{Miller:2020evg,
    author = "Miller, Nolan and others",
    title = {{Scale setting the M\"obius domain wall fermion on gradient-flowed HISQ action using the omega baryon mass and the gradient-flow scales $t_0$ and $w_0$}},
    eprint = "2011.12166",
    archivePrefix = "arXiv",
    primaryClass = "hep-lat",
    reportNumber = "LLNL-JRNL-816949, RIKEN-iTHEMS-Report-20, JLAB-THY-20-3290",
    doi = "10.1103/PhysRevD.103.054511",
    journal = "Phys. Rev. D",
    volume = "103",
    number = "5",
    pages = "054511",
    year = "2021"
}

@article{Hollwieser:2020qri,
    author = {H\"ollwieser, Roman and Knechtli, Francesco and Korzec, Tomasz},
    collaboration = "ALPHA",
    title = "{Scale setting for $N_f=3+1$ QCD}",
    eprint = "2002.02866",
    archivePrefix = "arXiv",
    primaryClass = "hep-lat",
    reportNumber = "WUB/20-00",
    doi = "10.1140/epjc/s10052-020-7889-7",
    journal = "Eur. Phys. J. C",
    volume = "80",
    number = "4",
    pages = "349",
    year = "2020"
}

@article{ETM:2015ned,
    author = "Abdel-Rehim, A. and others",
    collaboration = "ETM",
    title = "{First physics results at the physical pion mass from $N_f=2$ Wilson twisted mass fermions at maximal twist}",
    eprint = "1507.05068",
    archivePrefix = "arXiv",
    primaryClass = "hep-lat",
    reportNumber = "DESY-15-121",
    doi = "10.1103/PhysRevD.95.094515",
    journal = "Phys. Rev. D",
    volume = "95",
    number = "9",
    pages = "094515",
    year = "2017"
}

@article{Alexandrou:2018egz,
    author = "Alexandrou, Constantia and others",
    title = "{Simulating twisted mass fermions at physical light, strange and charm quark masses}",
    eprint = "1807.00495",
    archivePrefix = "arXiv",
    primaryClass = "hep-lat",
    doi = "10.1103/PhysRevD.98.054518",
    journal = "Phys. Rev. D",
    volume = "98",
    number = "5",
    pages = "054518",
    year = "2018"
}


@article{Niyazi:2020erg,
    author = "Niyazi, Hossein and Alexandru, Andrei and Lee, Frank X. and Brett, Ruair\'\i{}",
    title = {{Setting the scale for nHYP fermions with the L\"uscher-Weisz gauge action}},
    eprint = "2008.13022",
    archivePrefix = "arXiv",
    primaryClass = "hep-lat",
    doi = "10.1103/PhysRevD.102.094506",
    journal = "Phys. Rev. D",
    volume = "102",
    number = "9",
    pages = "094506",
    year = "2020"
}



@article{Borsanyi:2020mff,
    author = "Borsanyi, Sz. and others",
    title = "{Leading hadronic contribution to the muon magnetic moment from lattice QCD}",
    eprint = "2002.12347",
    archivePrefix = "arXiv",
    primaryClass = "hep-lat",
    doi = "10.1038/s41586-021-03418-1",
    journal = "Nature",
    volume = "593",
    number = "7857",
    pages = "51--55",
    year = "2021"
}

@article{ExtendedTwistedMass:2021qui,
    author = "Alexandrou, C. and others",
    collaboration = "Extended Twisted Mass",
    title = "{Ratio of kaon and pion leptonic decay constants with Nf=2+1+1 Wilson-clover twisted-mass fermions}",
    eprint = "2104.06747",
    archivePrefix = "arXiv",
    primaryClass = "hep-lat",
    doi = "10.1103/PhysRevD.104.074520",
    journal = "Phys. Rev. D",
    volume = "104",
    number = "7",
    pages = "074520",
    year = "2021"
}

@article{ExtendedTwistedMass:2021gbo,
    author = "Alexandrou, C. and others",
    collaboration = "Extended Twisted Mass",
    title = "{Quark masses using twisted-mass fermion gauge ensembles}",
    eprint = "2104.13408",
    archivePrefix = "arXiv",
    primaryClass = "hep-lat",
    doi = "10.1103/PhysRevD.104.074515",
    journal = "Phys. Rev. D",
    volume = "104",
    number = "7",
    pages = "074515",
    year = "2021"
}

@article{Alexandrou:2021wwd,
    author = "Alexandrou, C. and others",
    title = "{Determination of the light, strange and charm quark masses using twisted mass fermions}",
    booktitle = "{38th International Symposium on Lattice Field Theory}",
    eprint = "2110.04588",
    archivePrefix = "arXiv",
    primaryClass = "hep-lat",
    journal = "PoS",
    volume = "LATTICE2021",
    pages = "171",
    year = "2021"
}

@article{Finkenrath:2022eon,
    author = "Finkenrath, Jacob and others",
    title = "{Twisted mass gauge ensembles at physical values of the light, strange and charm quark masses}",
    eprint = "2201.02551",
    archivePrefix = "arXiv",
    primaryClass = "hep-lat",
    doi = "10.22323/1.396.0284",
    journal = "PoS",
    volume = "LATTICE2021",
    pages = "284",
    year = "2022"
}


@article{Dimopoulos:2021qsf,
    author = "Dimopoulos, P. and Frezzotti, R. and Garofalo, M. and Simula, S.",
    title = "{$K$- and $D_{(s)}$-meson leptonic decay constants with physical light, strange and charm quarks by ETMC}",
    eprint = "2110.01294",
    archivePrefix = "arXiv",
    primaryClass = "hep-lat",
    journal = "PoS",
    volume = "LATTICE2021",
    pages = "472",
    year = "2021"
}

@article{jureca,
	author = {{J\"ulich Supercomputing Centre}},
	doi = {doi:10.17815/jlsrf-4-121-1},
	journal = {Journal of large-scale research facilities},
	number = {4},
	volume = {A132},
	year = {2018},
	bdsk-url-1 = {https://doi.org/10.17815/jlsrf-4-121-1}}

@article{Jansen:2009xp,
    author = "Jansen, K. and Urbach, C.",
    title = "{tmLQCD: A Program suite to simulate Wilson Twisted mass Lattice QCD}",
    eprint = "0905.3331",
    archivePrefix = "arXiv",
    primaryClass = "hep-lat",
    reportNumber = "DESY-09-073, HU-EP-09-23, SFB-CPP-09-43",
    doi = "10.1016/j.cpc.2009.05.016",
    journal = "Comput. Phys. Commun.",
    volume = "180",
    pages = "2717--2738",
    year = "2009"
}

@article{Abdel-Rehim:2013wba,
    author = "Abdel-Rehim, Abdou and Burger, Florian and Deuzeman, Albert and Jansen, Karl and Kostrzewa, Bartosz and Scorzato, Luigi and Urbach, Carsten",
    title = "{Recent developments in the tmLQCD software suite}",
    eprint = "1311.5495",
    archivePrefix = "arXiv",
    primaryClass = "hep-lat",
    reportNumber = "HU-EP-13-59, SFB-CPP-13-84",
    doi = "10.22323/1.187.0414",
    journal = "PoS",
    volume = "LATTICE2013",
    pages = "414",
    year = "2014"
}

@article{Deuzeman:2013xaa,
    author = "Deuzeman, A. and Jansen, K. and Kostrzewa, B. and Urbach, C.",
    title = "{Experiences with OpenMP in tmLQCD}",
    eprint = "1311.4521",
    archivePrefix = "arXiv",
    primaryClass = "hep-lat",
    reportNumber = "HU-EP-13-60, DESY-13-217, SFB-CPP-13-93",
    doi = "10.22323/1.187.0416",
    journal = "PoS",
    volume = "LATTICE2013",
    pages = "416",
    year = "2014"
}

@article{tmLQCD-github,
  author = {Urbach, C. and Kostrzewa, B. and Bacchio, S. and Baron, R. and Blossier, B. and Burger, F. and Chiarappa, T. and Chrisian, N. and Deuzeman, A. and Finkenrath, J. and Garcia-Ramos, E. and Garofalo, M. and Gonazalez-Lopez, J. and Grosdidier, G. and Jansen, K. and Labus, P. and Nagel, J. and Nube, A. and Palao, D. and Pene, O. and Petschlies, M. and Pittler, F. and Reker, S. and Renner, D. and Romiti, S. and Sanfillippo, F. and Scorzato, L. and Sen, A. and Shindler, A. and Ueding, M. and Volkholz, J. and Wenger, U. and Zimmermann, F.},
  title = {tmLQCD github repository},
  date-added = {2025-01-29 15:02:13 +0100},
  date-modified = {2025-01-29 15:02:13 +0100},
  journal = {\url{https://github.com/etmc/tmLQCD}}}                                                                        

@article{Alexandrou:2016izb,
    author = "Alexandrou, Constantia and Bacchio, Simone and Finkenrath, Jacob and Frommer, Andreas and Kahl, Karsten and Rottmann, Matthias",
    title = "{Adaptive Aggregation-based Domain Decomposition Multigrid for Twisted Mass Fermions}",
    eprint = "1610.02370",
    archivePrefix = "arXiv",
    primaryClass = "hep-lat",
    doi = "10.1103/PhysRevD.94.114509",
    journal = "Phys. Rev. D",
    volume = "94",
    number = "11",
    pages = "114509",
    year = "2016"
}

@article{Bacchio:2017pcp,
    author = "Bacchio, Simone and Alexandrou, Constantia and Finkerath, Jacob",
    editor = "Della Morte, M. and Fritzsch, P. and G\'amiz S\'anchez, E. and Pena Ruano, C.",
    title = "{Multigrid accelerated simulations for Twisted Mass fermions}",
    eprint = "1710.06198",
    archivePrefix = "arXiv",
    primaryClass = "hep-lat",
    doi = "10.1051/epjconf/201817502002",
    journal = "EPJ Web Conf.",
    volume = "175",
    pages = "02002",
    year = "2018"
}

@article{OMELYAN2003272,
title = {Symplectic analytically integrable decomposition algorithms: classification, derivation, and application to molecular dynamics, quantum and celestial mechanics simulations},
journal = {Computer Physics Communications},
volume = {151},
number = {3},
pages = {272-314},
year = {2003},
issn = {0010-4655},
doi = {https://doi.org/10.1016/S0010-4655(02)00754-3},
author = {I.P. Omelyan and I.M. Mryglod and R. Folk},
keywords = {Decomposition method, Symplectic integration, Order conditions, Molecular dynamics, Celestial mechanics, Time-dependent potentials, Time-dependent Schrödinger equation},
abstract = {A complete classification of all explicit self-adjoint decomposition algorithms with up to 11 stages is given and the derivation process used is described. As a result, we have found 37 (6 non-gradient plus 31 force-gradient) new schemes of orders 2 to 6 in addition to 8 (4 non- and 4 force-gradient) integrators known earlier. It is shown that the derivation process proposed can be extended, in principle, to arbitrarily higher stage numbers without loss of generality. In practice, due to the restricted capabilities of modern computers, the maximal number of stages, which can be handled within the direct decomposition approach, is limited to 23. This corresponds to force-gradient algorithms of order 8. Combining the decomposition method with an advanced composition technique allows to increase the overall order up to a value of 16. The implementation and application of the introduced algorithms to numerical integration of the equations of motion in classical and quantum systems is considered as well. As is predicted theoretically and confirmed in molecular dynamics and celestial mechanics simulations, some of the new algorithms are particularly outstanding. They lead to much superior integration in comparison with known decomposition schemes such as the Verlet, Forest–Ruth, Chin, Suzuki, Yoshida, and Li integrators.}
}

@article{Clark:2011ir,
    author = "Clark, M. A. and Joo, Balint and Kennedy, A. D. and Silva, P. J.",
    title = "{Improving dynamical lattice QCD simulations through integrator tuning using Poisson brackets and a force-gradient integrator}",
    eprint = "1108.1828",
    archivePrefix = "arXiv",
    primaryClass = "hep-lat",
    reportNumber = "JLAB-IT-11-06",
    doi = "10.1103/PhysRevD.84.071502",
    journal = "Phys. Rev. D",
    volume = "84",
    pages = "071502",
    year = "2011"
}


@article{Schrock:2015gik,
    author = {Schr\"ock, Mario and Simula, Silvano and Strelchenko, Alexei},
    title = "{Accelerating Twisted Mass LQCD with QPhiX}",
    eprint = "1510.08879",
    archivePrefix = "arXiv",
    primaryClass = "hep-lat",
    reportNumber = "FERMILAB-CONF-15-528-CD",
    doi = "10.22323/1.251.0030",
    journal = "PoS",
    volume = "LATTICE2015",
    pages = "030",
    year = "2016"
}

@InProceedings{joo2013xeonphi,
author="Jo{\'o}, B{\'a}lint
and Kalamkar, Dhiraj D.
and Vaidyanathan, Karthikeyan
and Smelyanskiy, Mikhail
and Pamnany, Kiran
and Lee, Victor W.
and Dubey, Pradeep
and Watson, William",
editor="Kunkel, Julian Martin
and Ludwig, Thomas
and Meuer, Hans Werner",
title="Lattice QCD on Intel Xeon Phi Coprocessors",
booktitle="Supercomputing",
year="2013",
publisher="Springer Berlin Heidelberg",
address="Berlin, Heidelberg",
pages="40--54",
abstract="Lattice Quantum Chromodynamics (LQCD) is currently the only known model independent, non perturbative computational method for calculations in the theory of the strong interactions, and is of importance in studies of nuclear and high energy physics. LQCD codes use large fractions of supercomputing cycles worldwide and are often amongst the first to be ported to new high performance computing architectures. The recently released Intel Xeon Phi architecture from Intel Corporation features parallelism at the level of many x86-based cores, multiple threads per core, and vector processing units. In this contribution, we describe our experiences with optimizing a key LQCD kernel for the Xeon Phi architecture. On a single node, using single precision, our Dslash kernel sustains a performance of up to 320 GFLOPS, while our Conjugate Gradients solver sustains up to 237 GFLOPS. Furthermore we demonstrate a fully 'native' multi-node LQCD implementation running entirely on KNC nodes with minimum involvement of the host CPU. Our multi-node implementation of the solver has been strong scaled to 3.9 TFLOPS on 32 KNCs.",
isbn="978-3-642-38750-0"
}

@INPROCEEDINGS{qphixsc14,
  author={Heybrock, Simon and Joó, Bálint and Kalamkar, Dhiraj D. and Smelyanskiy, Mikhail and Vaidyanathan, Karthikeyan and Wettig, Tilo and Dubey, Pradeep},
  booktitle={SC '14},
  title={Lattice QCD with Domain Decomposition on Intel® Xeon Phi Co-Processors},
  year={2014},
  volume={},
  number={},
  pages={69-80},
  doi={10.1109/SC.2014.11}}

@article{Frezzotti:2001ea,
	archiveprefix = {arXiv},
	author = {Frezzotti, Roberto and Sint, Stefan and Weisz, Peter},
	collaboration = {ALPHA},
	doi = {10.1088/1126-6708/2001/07/048},
	eprint = {hep-lat/0104014},
	journal = {JHEP},
	pages = {048},
	reportnumber = {CERN-TH-2001-014, MPI-PHT-2000-52, BICOCCA-FT-01-02},
	title = {{O(a) improved twisted mass lattice QCD}},
	volume = {07},
	year = {2001},
	bdsk-url-1 = {https://doi.org/10.1088/1126-6708/2001/07/048}}

@article{Frezzotti:2003ni,
	archiveprefix = {arXiv},
	author = {Frezzotti, R. and Rossi, G. C.},
	doi = {10.1088/1126-6708/2004/08/007},
	eprint = {hep-lat/0306014},
	journal = {JHEP},
	pages = {007},
	reportnumber = {BICOCCA-FT-03-15, ROM2F-2003-15},
	title = {{Chirally improving Wilson fermions. 1. O(a) improvement}},
	volume = {08},
	year = {2004},
	bdsk-url-1 = {https://doi.org/10.1088/1126-6708/2004/08/007}}

@article{Wolff:2003sm,
    author = "Wolff, Ulli",
    collaboration = "ALPHA",
    title = "{Monte Carlo errors with less errors}",
    eprint = "hep-lat/0306017",
    archivePrefix = "arXiv",
    reportNumber = "HU-EP-03-32, SFB-CPP-03-12",
    doi = "10.1016/S0010-4655(03)00467-3",
    journal = "Comput. Phys. Commun.",
    volume = "156",
    pages = "143--153",
    year = "2004",
    note = "[Erratum: Comput.Phys.Commun. 176, 383 (2007)]"
}

@article{Schaefer:2010hu,
    author = "Schaefer, Stefan and Sommer, Rainer and Virotta, Francesco",
    collaboration = "ALPHA",
    title = "{Critical slowing down and error analysis in lattice QCD simulations}",
    eprint = "1009.5228",
    archivePrefix = "arXiv",
    primaryClass = "hep-lat",
    reportNumber = "DESY-10-151, SFB-CPP-10-81, HU-EP-10-55",
    doi = "10.1016/j.nuclphysb.2010.11.020",
    journal = "Nucl. Phys. B",
    volume = "845",
    pages = "93--119",
    year = "2011"
}

@article{Bar:2013ora,
    author = "Bar, Oliver and Golterman, Maarten",
    title = "{Chiral perturbation theory for gradient flow observables}",
    eprint = "1312.4999",
    archivePrefix = "arXiv",
    primaryClass = "hep-lat",
    doi = "10.1103/PhysRevD.89.034505",
    journal = "Phys. Rev. D",
    volume = "89",
    number = "3",
    pages = "034505",
    year = "2014",
    note = "[Erratum: Phys.Rev.D 89, 099905 (2014)]"
}

@article{Bazavov:2017lyh,
	archiveprefix = {arXiv},
	author = {Bazavov, A. and others},
	doi = {10.1103/PhysRevD.98.074512},
	eprint = {1712.09262},
	journal = {Phys. Rev. D},
	number = {7},
	pages = {074512},
	primaryclass = {hep-lat},
	reportnumber = {FERMILAB-PUB-17/491-T, FERMILAB-PUB-17-491-T},
	title = {{$B$- and $D$-meson leptonic decay constants from four-flavor lattice QCD}},
	volume = {98},
	year = {2018},
	bdsk-url-1 = {https://doi.org/10.1103/PhysRevD.98.074512}}

@article{PhysRevD.81.054507,
  title = {Ratio ${F}_{K}/{F}_{\ensuremath{\pi}}$ in QCD},
  author = {D\"urr, S. and Fodor, Z. and Hoelbling, C. and Katz, S. D. and Krieg, S. and Kurth, T. and Lellouch, L. and Lippert, T. and Ramos, A. and Szab\'o, K. K.},
  journal = {Phys. Rev. D},
  volume = {81},
  issue = {5},
  pages = {054507},
  numpages = {8},
  year = {2010},
  month = {Mar},
  publisher = {American Physical Society},
  doi = {10.1103/PhysRevD.81.054507},
  url = {https://link.aps.org/doi/10.1103/PhysRevD.81.054507}
}

@article{PhysRevD.93.074505,
  title = {Domain wall QCD with physical quark masses},
  author = {Blum, T. and Boyle, P. A. and Christ, N. H. and Frison, J. and Garron, N. and Hudspith, R. J. and Izubuchi, T. and Janowski, T. and Jung, C. and J\"uttner, A. and Kelly, C. and Kenway, R. D. and Lehner, C. and Marinkovic, M. and Mawhinney, R. D. and McGlynn, G. and Murphy, D. J. and Ohta, S. and Portelli, A. and Sachrajda, C. T. and Soni, A.},
  collaboration = {RBC and UKQCD Collaborations},
  journal = {Phys. Rev. D},
  volume = {93},
  issue = {7},
  pages = {074505},
  numpages = {68},
  year = {2016},
  month = {Apr},
  publisher = {American Physical Society},
  doi = {10.1103/PhysRevD.93.074505},
  url = {https://link.aps.org/doi/10.1103/PhysRevD.93.074505}
}

@article{Frommer:2013fsa,
    author = {Frommer, Andreas and Kahl, Karsten and Krieg, Stefan and Leder, Bj\"orn and Rottmann, Matthias},
    title = "{Adaptive Aggregation Based Domain Decomposition Multigrid for the Lattice Wilson Dirac Operator}",
    eprint = "1303.1377",
    archivePrefix = "arXiv",
    primaryClass = "hep-lat",
    doi = "10.1137/130919507",
    journal = "SIAM J. Sci. Comput.",
    volume = "36",
    pages = "A1581--A1608",
    year = "2014"
}

@article{Frommer:2013kla,
    author = "Frommer, A. and Kahl, K. and Krieg, S. and Leder, B. and Rottmann, M.",
    title = "{An adaptive aggregation based domain decomposition multilevel method for the lattice wilson dirac operator: multilevel results}",
    eprint = "1307.6101",
    archivePrefix = "arXiv",
    primaryClass = "hep-lat",
    month = "7",
    year = "2013"
}

@article{Aoki:2021kgd,
    author = "Aoki, Y. and others",
    title = "{FLAG Review 2021}",
    eprint = "2111.09849",
    archivePrefix = "arXiv",
    primaryClass = "hep-lat",
    reportNumber = "CERN-TH-2021-191, JLAB-THY-21-3528, FERMILAB-PUB-21-620-SCD-T",
    month = "11",
    year = "2021"
}

@article{Alexandrou:2018wiv,
    author = "Alexandrou, Constantia and Bacchio, Simone and Finkenrath, Jacob",
    title = "{Multigrid approach in shifted linear systems for the non-degenerated twisted mass operator}",
    eprint = "1805.09584",
    archivePrefix = "arXiv",
    primaryClass = "hep-lat",
    doi = "10.1016/j.cpc.2018.10.013",
    journal = "Comput. Phys. Commun.",
    volume = "236",
    pages = "51--64",
    year = "2019"
}


@article{QPhiX-github,
  author = {Jo{\'o}, B. and Kalamakar, D.D. and Vaidyanathan, K. and Smelyanskiy, M. and Kurth, T. and Walden, A. and Schroeck, M. and Labus, P. and Ueding, M. and Kostrzewa, B. and Dep, D.},
  title = {QPhiX github repository},
  date-added = {2021-10-03 08:25:00 +0200},
  date-modified = {2021-10-03 08:25:00 +0200},
  journal = {\url{https://github.com/JeffersonLab/qphix}}}

@inproceedings{QPhiX,
  author = {Jo{\'o}, B{\'a}lint and Kalamkar, Dhiraj D. and Kurth, Thorsten and Vaidyanathan, Karthikeyan and Walden, Aaron},
  booktitle = {High Performance Computing},
  editor = {Taufer, Michela and Mohr, Bernd and Kunkel, Julian M.},
  isbn = {978-3-319-46079-6},
  pages = {415--427},
  publisher = {Springer International Publishing},
  title = {Optimizing Wilson-Dirac Operator and Linear Solvers for Intel KNL},
  year = {2016},
  doi = {10.1007/978-3-319-46079-6_30}}

  @article{Clark:2009wm,
        archiveprefix = {arXiv},
        author = {Clark, M. A. and Babich, R. and Barros, K. and Brower, R. C. and Rebbi, C.},
        doi = {10.1016/j.cpc.2010.05.002},
        eprint = {0911.3191},
        journal = {Comput. Phys. Commun.},
        pages = {1517-1528},
        primaryclass = {hep-lat},
        slaccitation = {%%CITATION = ARXIV:0911.3191;%%},
        title = {{Solving Lattice QCD systems of equations using mixed precision solvers on GPUs}},
        volume = {181},
        year = {2010},
        bdsk-url-1 = {https://doi.org/10.1016/j.cpc.2010.05.002}}

@inproceedings{Clark:2016rdz,
        archiveprefix = {arXiv},
        author = {Clark, M. A. and Jo{\'o}, B{\'a}lint and Strelchenko, Alexei and Cheng, Michael and Gambhir, Arjun and Brower, Richard. C.},
        booktitle = {SC '16},
        doi = {10.1109/SC.2016.67},
        eprint = {1612.07873},
        pages = {795-806},
        primaryclass = {hep-lat},
        reportnumber = {FERMILAB-CONF-16-638-CD},
        slaccitation = {%%CITATION = ARXIV:1612.07873;%%},
        title = {{Accelerating Lattice QCD Multigrid on GPUs Using Fine-Grained Parallelization}},
        year = {2016},
        bdsk-url-1 = {https://doi.org/10.1109/SC.2016.67}}

@inproceedings{Babich:2011np,
        archiveprefix = {arXiv},
        author = {Babich, R. and Clark, M. A. and Joo, B. and Shi, G. and Brower, R. C. and Gottlieb, S.},
        booktitle = {{SC '11}},
        doi = {10.1145/2063384.2063478},
        eprint = {1109.2935},
        primaryclass = {hep-lat},
        slaccitation = {%%CITATION = ARXIV:1109.2935;%%},
        title = {{Scaling Lattice QCD beyond 100 GPUs}},
        year = {2011},
        bdsk-url-1 = {https://doi.org/10.1145/2063384.2063478}}

@article{Boyle:2016lbp,
    author = "Boyle, Peter A. and Cossu, Guido and Yamaguchi, Azusa and Portelli, Antonin",
    title = "{Grid: A next generation data parallel C++ QCD library}",
    doi = "10.22323/1.251.0023",
    journal = "PoS",
    volume = "LATTICE2015",
    pages = "023",
    year = "2016"
}

@article{Yamaguchi:2022feu,
    author = "Yamaguchi, Azusa and Boyle, Peter and Cossu, Guido and Filaci, Gianluca and Lehner, Christoph and Portelli, Antonin",
    title = "{Grid: OneCode and FourAPIs}",
    eprint = "2203.06777",
    archivePrefix = "arXiv",
    primaryClass = "hep-lat",
    doi = "10.22323/1.396.0035",
    journal = "PoS",
    volume = "LATTICE2021",
    pages = "035",
    year = "2022"
}

@article{Richtmann:2019eyj,
    author = "Richtmann, Daniel and Boyle, Peter A. and Wettig, Tilo",
    title = "{Multigrid for Wilson Clover Fermions in Grid}",
    eprint = "1904.08678",
    archivePrefix = "arXiv",
    primaryClass = "hep-lat",
    doi = "10.22323/1.334.0032",
    journal = "PoS",
    volume = "LATTICE2018",
    pages = "032",
    year = "2019"
}

@inproceedings{Richtmann:2022fwb,
    author = "Richtmann, Daniel and Meyer, Nils and Wettig, Tilo",
    title = "{MRHS multigrid solver for Wilson-clover fermions}",
    booktitle = "{39th International Symposium on Lattice Field Theory}",
    eprint = "2211.13719",
    archivePrefix = "arXiv",
    primaryClass = "hep-lat",
    month = "11",
    year = "2022"
}

@article{Winter:2014npa,
    author = "Winter, F. T.",
    title = "{QDP-JIT/PTX: A QDP++ Implementation for CUDA-Enabled GPUs}",
    reportNumber = "JLAB-IT-13-01",
    doi = "10.22323/1.187.0042",
    journal = "PoS",
    volume = "LATTICE2013",
    pages = "042",
    year = "2014"
}

@article{Edwards:2004sx,
    author = "Edwards, Robert G. and Joo, Balint",
    editor = "Bodwin, Geoffrey T. and Sinclair, D. K. and Eichten, E. and Holmgren, D. and Kronfeld, Andreas S. and Mackenzie, P. and Okamoto, M. and Simone, J. and El-Khadra, Aida X.",
    collaboration = "SciDAC, LHPC, UKQCD",
    title = "{The Chroma software system for lattice QCD}",
    eprint = "hep-lat/0409003",
    archivePrefix = "arXiv",
    reportNumber = "JLAB-THY-04-54",
    doi = "10.1016/j.nuclphysbps.2004.11.254",
    journal = "Nucl. Phys. B Proc. Suppl.",
    volume = "140",
    pages = "832",
    year = "2005"
}

@article{Winter:2011np,
    author = "Winter, Frank",
    title = "{Accelerating QDP++/Chroma on GPUs}",
    eprint = "1111.5596",
    archivePrefix = "arXiv",
    primaryClass = "hep-lat",
    reportNumber = "EDINBURGH-2011-35",
    month = "11",
    year = "2011"
}

@INPROCEEDINGS{chromaqdpjit,
  author={Winter, F.T. and Clark, M.A. and Edwards, R.G. and Joó, B.},
  booktitle={2014 IEEE 28th International Parallel and Distributed Processing Symposium}, 
  title={A Framework for Lattice QCD Calculations on GPUs}, 
  year={2014},
  volume={},
  number={},
  pages={1073-1082},
  doi={10.1109/IPDPS.2014.112}}

@misc{luescher_computational_strategies,
  doi = {10.48550/ARXIV.1002.4232},
  url = {https://arxiv.org/abs/1002.4232},
  author = {Lüscher, Martin},
  keywords = {High Energy Physics - Lattice (hep-lat), FOS: Physical sciences, FOS: Physical sciences},
  title = {Computational Strategies in Lattice QCD},
  publisher = {arXiv},
  year = {2010},  
  copyright = {arXiv.org perpetual, non-exclusive license}
}

@article{PhysRevLett.98.051601,
  title = {Accelerating Dynamical-Fermion Computations Using the Rational Hybrid Monte Carlo Algorithm with Multiple Pseudofermion Fields},
  author = {Clark, M. A. and Kennedy, A. D.},
  journal = {Phys. Rev. Lett.},
  volume = {98},
  issue = {5},
  pages = {051601},
  numpages = {4},
  year = {2007},
  month = {Jan},
  publisher = {American Physical Society},
  doi = {10.1103/PhysRevLett.98.051601},
  url = {https://link.aps.org/doi/10.1103/PhysRevLett.98.051601}
}

@incollection{suarez2019modular,
  title={Modular supercomputing architecture: from idea to production},
  author={Suarez, Estela and Eicker, Norbert and Lippert, Thomas},
  booktitle={Contemporary high performance computing},
  pages={223--255},
  year={2019},
  publisher={CRC Press}
}

@article{Bacchio:2022bjk,
    author = "Bacchio, Simone and Finkenrath, Jacob and Stylianou, Christodoulos",
    title = "{Lyncs-API: a Python API for Lattice QCD applications}",
    eprint = "2201.03873",
    archivePrefix = "arXiv",
    primaryClass = "hep-lat",
    doi = "10.22323/1.396.0542",
    journal = "PoS",
    volume = "LATTICE2021",
    pages = "542",
    year = "2022"
}

@article{BOOSTER,
  title = {JUWELS Cluster and Booster: Exascale Pathfinder with Modular Supercomputing Architecture at Juelich Supercomputing Centre},
  volume = {7},
  ISSN = {2364-091X},
  url = {http://dx.doi.org/10.17815/jlsrf-7-183},
  DOI = {10.17815/jlsrf-7-183},
  journal = {Journal of large-scale research facilities JLSRF},
  publisher = {Forschungszentrum Julich,  Zentralbibliothek},
  author = {Alvarez,  Damian},
  year = {2021},
  month = oct,
  pages = {A183}
}

@article{JUWELS,
	author = {{J\"{u}lich Supercomputing Centre}},
	doi = {10.17815/jlsrf-5-171},
	journal = {Journal of large-scale research facilities},
	number = {A135},
	title = {{JUWELS: Modular Tier-0/1 Supercomputer at the J\"{u}lich Supercomputing Centre}},
	url = {http://dx.doi.org/10.17815/jlsrf-5-171},
	volume = {5},
	year = {2019},
	bdsk-url-1 = {http://dx.doi.org/10.17815/jlsrf-5-171}}

@article{CARTEREDWARDS20143202,
title = {Kokkos: Enabling manycore performance portability through polymorphic memory access patterns},
journal = {Journal of Parallel and Distributed Computing},
volume = {74},
number = {12},
pages = {3202-3216},
year = {2014},
note = {Domain-Specific Languages and High-Level Frameworks for High-Performance Computing},
issn = {0743-7315},
doi = {https://doi.org/10.1016/j.jpdc.2014.07.003},
url = {https://www.sciencedirect.com/science/article/pii/S0743731514001257},
author = {H. {Carter Edwards} and Christian R. Trott and Daniel Sunderland},
keywords = {Parallel computing, Thread parallelism, Manycore, GPU, Performance portability, Multidimensional array, Mini-application},
abstract = {The manycore revolution can be characterized by increasing thread counts, decreasing memory per thread, and diversity of continually evolving manycore architectures. High performance computing (HPC) applications and libraries must exploit increasingly finer levels of parallelism within their codes to sustain scalability on these devices. A major obstacle to performance portability is the diverse and conflicting set of constraints on memory access patterns across devices. Contemporary portable programming models address manycore parallelism (e.g., OpenMP, OpenACC, OpenCL) but fail to address memory access patterns. The Kokkos C++ library enables applications and domain libraries to achieve performance portability on diverse manycore architectures by unifying abstractions for both fine-grain data parallelism and memory access patterns. In this paper we describe Kokkos’ abstractions, summarize its application programmer interface (API), present performance results for unit-test kernels and mini-applications, and outline an incremental strategy for migrating legacy C++ codes to Kokkos. The Kokkos library is under active research and development to incorporate capabilities from new generations of manycore architectures, and to address a growing list of applications and domain libraries.}
}

@article{Duane:1987de,
    author = "Duane, S. and Kennedy, A. D. and Pendleton, B. J. and Roweth, D.",
    title = "{Hybrid Monte Carlo}",
    doi = "10.1016/0370-2693(87)91197-X",
    journal = "Phys. Lett. B",
    volume = "195",
    pages = "216--222",
    year = "1987"
}

@article{Hasenbusch:2001ne,
    author = "Hasenbusch, Martin",
    title = "{Speeding up the hybrid Monte Carlo algorithm for dynamical fermions}",
    eprint = "hep-lat/0107019",
    archivePrefix = "arXiv",
    reportNumber = "DESY-01-103",
    doi = "10.1016/S0370-2693(01)01102-9",
    journal = "Phys. Lett. B",
    volume = "519",
    pages = "177--182",
    year = "2001"
}

@article{Urbach:2005ji,
    author = "Urbach, C. and Jansen, K. and Shindler, A. and Wenger, U.",
    title = "{HMC algorithm with multiple time scale integration and mass preconditioning}",
    eprint = "hep-lat/0506011",
    archivePrefix = "arXiv",
    reportNumber = "DESY-05-090, SFB-CPP-05-20",
    doi = "10.1016/j.cpc.2005.08.006",
    journal = "Comput. Phys. Commun.",
    volume = "174",
    pages = "87--98",
    year = "2006"
}

@article{Clark:2003na,
    author = "Clark, M. A. and Kennedy, A. D.",
    editor = "Aoki, S. and Hashimoto, S. and Ishizuka, N. and Kanaya, K. and Kuramashi, Y.",
    title = "{The RHMC algorithm for two flavors of dynamical staggered fermions}",
    eprint = "hep-lat/0309084",
    archivePrefix = "arXiv",
    doi = "10.1016/S0920-5632(03)02732-4",
    journal = "Nucl. Phys. B Proc. Suppl.",
    volume = "129",
    pages = "850--852",
    year = "2004"
}

@article{Kostrzewa:2022hsv,
    author = "Kostrzewa, Bartosz and Bacchio, Simone and Finkenrath, Jacob and Garofalo, Marco and Pittler, Ferenc and Romiti, Simone and Urbach, Carsten",
    collaboration = "ETM",
    title = "{Twisted mass ensemble generation on GPU machines}",
    eprint = "2212.06635",
    archivePrefix = "arXiv",
    primaryClass = "hep-lat",
    doi = "10.22323/1.430.0340",
    journal = "PoS",
    volume = "LATTICE2022",
    pages = "340",
    year = "2023"
}

@inproceedings{FRONTERA,
author = {Stanzione, Dan and West, John and Evans, R. Todd and Minyard, Tommy and Ghattas, Omar and Panda, Dhabaleswar K.},
title = {Frontera: The Evolution of Leadership Computing at the National Science Foundation},
year = {2020},
isbn = {9781450366892},
publisher = {Association for Computing Machinery},
address = {New York, NY, USA},
url = {https://doi.org/10.1145/3311790.3396656},
doi = {10.1145/3311790.3396656},
booktitle = {Practice and Experience in Advanced Research Computing 2020: Catch the Wave},
pages = {106–111},
numpages = {6},
keywords = {HPC, cyberinfrastructure, supercomputer, system design},
location = {Portland, OR, USA},
series = {PEARC '20}
}

  
